@article{wilson2014best,
  title={Good enough practices in scientific computing},
  author={Wilson, Greg and Bryan, Jennifer and Cranston, Karen and Kitzes, Justin and Nederbragt, Lex and Teal, Tracy},
  journal={PLoS Computational Biology},
  volume={13},
  number={6},
  pages={e1005510},
  year={2017}
}

@misc{cancensus2016,
  author = {Statistics Canada},
  title = {Census of Population. Reproduced and distributed on an "as is" basis with the permission of Statistics Canada},
  year = {2016},
}

@article{leek2015question,
  title={What is the question?},
  author={Leek, Jeffery T and Peng, Roger D},
  journal={Science},
  volume={347},
  number={6228},
  pages={1314--1315},
  year={2015},
  publisher={American Association for the Advancement of Science}
}

@article{peng2015art,
  title={The art of data science},
  author={Peng, Roger D and Matsui, Elizabeth},
  journal={A Guide for Anyone Who Works with Data. Skybrude Consulting, LLC},
  year={2015}
}

@article{matthews2008configuration,
  title={Configuration management for large-scale scientific computing at the UK Met office},
  author={Matthews, David and Wilson, Greg and Easterbrook, Steve},
  journal={Computing in Science \& Engineering},
  volume={10},
  number={6},
  pages={56--64},
  year={2008},
  publisher={IEEE Computer Society}
}

@article{wilson2014best,
  title={Best practices for scientific computing},
  author={Wilson, Greg and Aruliah, Dhavide A and Brown, C Titus and Hong, Neil P Chue and Davis, Matt and Guy, Richard T and Haddock, Steven HD and Huff, Kathryn D and Mitchell, Ian M and Plumbley, Mark D and others},
  journal={PLoS Biol},
  volume={12},
  number={1},
  pages={e1001745},
  year={2014},
  publisher={Public Library of Science}
}

@article{wickham2014tidy,
  title={Tidy data},
  author={Wickham, Hadley and others},
  journal={Journal of Statistical Software},
  volume={59},
  number={10},
  pages={1--23},
  year={2014}
}

@book{james2013introduction,
  title={An introduction to statistical learning},
  author={James, Gareth and Witten, Daniela and Hastie, Trevor and Tibshirani, Robert},
  edition={$1^\text{st}$ ed},
  year={2013},
  publisher={Springer}
}

@Manual{palmerpenguins,    
    title = {palmerpenguins: Palmer Archipelago (Antarctica) penguin data},
    author = {Allison Marie Horst and Alison Presmanes Hill and Kristen B Gorman},    
    year = {2020},    
    note = {R package version 0.1.0},    
    doi = {10.5281/zenodo.3960218},    
    url = {https://allisonhorst.github.io/palmerpenguins/}}

@MISC{penguinsimage,
    author = {{Andrew Shiva}},
    title = {Brown Bluff-2016-Tabarin Peninsulaâ€“Gentoo penguin (Pygoscelis papua)},
    year = {2016},
    note = {[Online; accessed May 11, 2021]},
    url = {https://upload.wikimedia.org/wikipedia/commons/0/00/Brown_Bluff-2016-Tabarin_Peninsula%E2%80%93Gentoo_penguin_%28Pygoscelis_papua%29_03.jpg}
}
